@Book{maj,
author = {Karel Hynek M\'acha},
title = {M\'aj},
}

@phdthesis{jiri:diza,
  author = "Ji\v{r}\'{i} \v{S}im\'{a}\v{c}ek",
  title = "{Harnessing Forest Automata for Verification of Heap Manipulating
            Programs}",
  school = "FIT BUT",
  year = "2012",
}

@techreport{forester:techrep,
  author = "P.~Habermehl and L. Hol{\'i}k and A. Rogalewicz and 
            J.~{\v S}im{\' a}{\v c}ek and T. Vojnar",
  title = "{Forest Automata for Verification of Heap Manipulation}",
  number = "FIT-TR-2011-001",
  institution = "FIT BUT",
  year = "2011",
}

@inproceedings{forester11,
  author = "P.~Habermehl and L. Hol{\'i}k and A. Rogalewicz and 
            J.~{\v S}im{\' a}{\v c}ek and T. Vojnar",
  title = "{Forest Automata for Verification of Heap Manipulation}",
  booktitle = "Proc. of CAV'11",
  publisher = "Springer",
  pages = "424--440",
  year = "2011",
  volume = "6806",
  series = "LNCS",
}

@inproceedings{boxes13,
   author = "L. Hol{\'i}k and O. Leng{\' a}l and A. Rogalewicz and 
             J. {\v S}im{\' a}{\v c}ek and T. Vojnar",
   title = {Fully Automated Shape Analysis Based on Forest Automata},
   booktitle = {CAV},
  pages     = {740--755},
  year      = {2013},
  series    = {LNCS},
  volume    = {8044},
  publisher = {Springer},
}


@article {artmc12,
  author = "A. Bouajjani and P. Habermehl and A. Rogalewicz and T. Vojnar",
  title = "{Abstract Regular (Tree) Model Checking}",
  journal = "Int.\ Journal on Software Tools for Technology Transfer",
  publisher = "Springer",
  volume = "14",
  number = "2",
  pages = "167--191",
  year = "2012",
}

@inproceedings{Zee:pldi08,
  author    = "K. Zee and V. Kuncak and M.C. Rinard",
  title     = "{Full Functional Verification of Linked Data Structures}",
  booktitle = "Proc. of PLDI'08",
  year      = "2008",
  pages     = "349--361",
  publisher = "ACM Press",
}

@inproceedings{wies07hav,
  author    = "T. Wies and V. Kuncak and K. Zee and A. Podelski and M.C. Rinard",
  title     = "{On Verifying Complex Properties using Symbolic Shape Analysis}",
  booktitle = "Proc. of HAV'07",
  year      = "2007",
}

@article{lists-counters,
  author    = "A. Bouajjani and M. Bozga and P. Habermehl and R. Iosif and
               P. Moro and T. Vojnar",
  title     = "{Programs with lists are counter automata}",
  journal   = "Formal Methods in System Design",
  volume    = "38",
  number    = "2",
  year      = "2011",
  pages     = "158--192",
}
                  
@inproceedings{haziza:tacas13,
  author    = "P.A. Abdulla and F. Haziza and L. Hol\'{\i}k and B. Jonsson and
               A. Rezine",
  title     = "{An Integrated Specification and Verification Technique for
                Highly Concurrent Data Structures}",
  booktitle = "Proc. of TACAS'13",
  year      = "2013",
  pages     = "324--338",
  publisher = "Springer",
  series    = "LNCS",
  volume    = "7795",
}
                  
@article{skiplists,
   author = "W. Pugh",
   title = "{Skip Lists: A Probabilistic Alternative to Balanced Trees}",
   journal = "CACM",
   volume = "33",
   number = "6",
   year = "1990",
   pages = "668--676",
   publisher = "ACM Press",
} 

@inproceedings{thor10,
  author    = "S. Magill and M.H. Tsai and P. Lee and Y.-K.~Tsay",
  title     = "{A Calculus of Atomic Actions}",
  booktitle = "Proc. of POPL'10",
  year      = "2010",
  pages     = "2--15",
  publisher = "ACM Press",
}
                  
@inproceedings{halbwachs08,
  author    = "N. Halbwachs and M. P{\'e}ron",
  title     = "{Discovering Properties about Arrays in Simple Programs}",
  booktitle = "Proc. of PLDI'08",
  year      = "2008",
  pages     = "339--348",
  publisher = "ACM Press",
}
                  
@inproceedings{atva09,
  author    = "P.A. Abdulla and M. Atto and J. Cederberg and R. Ji",
  title     = "{Automated Analysis of Data-Dependent Programs with Dynamic Memory}",
  booktitle = "Proc. of ATVA'09",
  year      = "2009",
  pages     = "197--212",
  publisher = "Springer",
  series    = "LNCS",
  volume    = "5799",
}
                  
@inproceedings{dragoi:atva12,
  author    = "A. Bouajjani and C. Dragoi and C. Enea and M. Sighireanu",
  title     = "{Accurate Invariant Checking for Programs Manipulating Lists
                and Arrays with Infinite Data}",
  booktitle = "Proc. of ATVA'12",
  year      = "2012",
  pages     = "167--182",
  publisher = "Springer",
  series    = "LNCS",
  volume    = "7561",
}
                  
@inproceedings{rival11,
  author    = "B.-Y.E. Chang and X.~Rival and G.C.~Necula",
  title     = "{Shape Analysis with Structural Invariant Checkers}",
  booktitle = "Proc.\ of SAS'07",
  year      = "2007",
  publisher = "Springer",
  series    = "LNCS",
  volume    = "4634",
}

@inproceedings{InvaderCAV08,
  author    = "H.~Yang and O.~Lee and J.~Berdine and C.~Calcagno and 
               B.~Cook and D.~Distefano and P.W. O'Hearn",
  title     = "{Scalable Shape Analysis for Systems Code}",
  booktitle = "CAV'08",
  year      = "2008",
  publisher = "Springer",
  series    = "LNCS",
  volume    = "5123",
}

@article{juggrnaut10,
  author    = "J.~Heinen and T.~Noll and S.~Rieger",
  title     = "{Juggrnaut: Graph Grammar Abstraction for Unbounded Heap
                Structures}",
  journal   = "ENTCS",
  volume    = "266",
  pages     = {93--107},
  year      = "2010",
  publisher = "Elsevier",
}

@article{Sagiv02,
    title = "{Parametric Shape Analysis via 3-valued Logic}",
    journal = "TOPLAS",
    author = "S. Sagiv and T.W. Reps and R. Wilhelm",
    volume = "24",
    number = "3",
    year = "2002",
}

@InProceedings{Loginov:AbstrRefViaInductLearning:05,
  author =       "A. Loginov and T. Reps and M. Sagiv",
  title =        "{Abstraction Refinement via Inductive Learning}",
  booktitle =    "Proc. of CAV'05",
  series    =    "LNCS",
  publisher =    "Springer",
  volume    =    "3576",
  year =         "2005",
}

@inproceedings{pale97,
    author = "J.L. Jensen and M.E. J\o{}rgensen and N. Klarlund and M.I.
              Schwartzbach",
    title = "{Automatic Verification of Pointer Programs Using Monadic
              Second-order Logic}",
    booktitle = "PLDI'97",
    year = "1997",
    publisher = "ACM Press",
}

@inproceedings{dudka13,
    author = {K. Dudka and P. Peringer and T. Vojnar},
    title = {Byte-Precise Verification of Low-Level List Manipulation},
    booktitle = {SAS},
  pages     = {215--237},
  year      = {2013},
  publisher = {Springer},
  series    = {LNCS},
  volume    = {7935},
}


@article{sleek12,
    title = "{Automated Verification of Shape, Size and Bag Properties via
              User-defined Predicates in Separation Logic}",
    journal = "Science of Computer Programming",
    author = "W.-N. Chin and C. David and H.H. Nguyen and S. Qin",
    volume = "77",
    number = "9",
    year = "2012",
    pages = "1006--1036",
    publisher = "Elsevier",
}

@article{sleek13,
    title = "{Loop Invariant Synthesis in a Combined Abstract Domain}",
    journal = "Journal of Symbolic Computation",
    author = "S. Qin and G. He and C. Luo and W.-N. Chin and X. Chen",
    volume = "50",
    year = "2013",
    publisher = "Elsevier",
}


